@article{flamary_optimal_2019,
	title = {Optimal Transport for Machine Learning},
	language = {en},
	author = {Flamary, Rémi},
	month = nov,
	year = {2019},
	pages = {97},
	file = {Flamary - Optimal Transport for Machine Learning.pdf:/home/davi/Zotero/storage/SC2SXQQ6/Flamary - Optimal Transport for Machine Learning.pdf:application/pdf}
}
@article{peyre2019computational,
  title={Computational Optimal Transport: With Applications to Data Science},
  author={Peyr{\'e}, Gabriel and Cuturi, Marco and others},
  journal={Foundations and Trends{\textregistered} in Machine Learning},
  volume={11},
  number={5-6},
  pages={355--607},
  year={2019},
  publisher={Now Publishers, Inc.}
}
@article{santambrogio2015optimal,
  title={Optimal transport for applied mathematicians},
  author={Santambrogio, Filippo},
  journal={Birk{\"a}user, NY},
  volume={55},
  number={58-63},
  pages={94},
  year={2015},
  publisher={Springer}
}
@book{villani2008optimal,
  title={Optimal transport: old and new},
  author={Villani, C{\'e}dric},
  volume={338},
  year={2008},
  publisher={Springer Science \& Business Media}
}
@misc{wassermanStatisicalMethods2018,
  title={Statistical Methods for Machine Learning - Lecture Notes},
  author={Larry Wasserman},
  year={2018}
}
@phdthesis{flamary2019transport,
  title={Transport optimal pour l’apprentissage statistique},
  author={FLAMARY, R{\'e}mi},
  year={2019},
  school={T{\'e}l{\'e}com Paristech}
}
