@book{ambrosio2008gradient,
	title={Gradient flows: in metric spaces and in the space of probability measures},
	author={Ambrosio, L. and Gigli, N. and Savar{\'e}, G.},
	year={2008},
	publisher={Springer Science \& Business Media}
}

@book{bauschke2011convex,
	title={Convex analysis and monotone operator theory in Hilbert spaces},
	author={Bauschke, H.H. and Combettes, P.L.},
	volume={408},
	year={2011},
	publisher={Springer}
}

@book{bot2009conjugate,
	title={Conjugate duality in convex optimization},
	author={Bot, R.I.},
	volume={637},
	year={2009},
	publisher={Springer Science \& Business Media}
}

@article{carlier2019total,
  title={On the total variation Wasserstein gradient flow and the TV-JKO scheme},
  author={Carlier, G. and Poon, C.},
  journal={ESAIM: Control, Optimisation and Calculus of Variations},
  volume={25},
  pages={42},
  year={2019},
  publisher={EDP Sciences}
}

@article{chambolle2010introduction,
	title={An introduction to total variation for image analysis},
	author={Chambolle, Antonin and Caselles, Vicent and Cremers, Daniel and Novaga, Matteo and Pock, Thomas},
	journal={Theoretical foundations and numerical methods for sparse recovery},
	volume={9},
	number={263-340},
	pages={227},
	year={2010},
	publisher={de Gruyter Berlin}
}

@book{evans2015measure,
	title={Measure theory and fine properties of functions},
	author={Evans, L.C. and Gariepy, R.F.},
	year={2015},
	publisher={CRC press}
}

@article{jordan1998variational,
	title={The variational formulation of the Fokker--Planck equation},
	author={Jordan, R. and Kinderlehrer, D. and Otto, F.},
	journal={SIAM journal on mathematical analysis},
	volume={29},
	number={1},
	pages={1--17},
	year={1998},
	publisher={SIAM}
}

@book{rockafellar1974conjugate,
	title={Conjugate duality and optimization},
	author={Rockafellar, R.T.},
	year={1974},
	publisher={SIAM}
}

@article{rossi2003tightness,
	title={Tightness, integral equicontinuity and compactness for evolution problems in Banach spaces},
	author={Rossi, R. and Savar{\'e}, G.},
	journal={Annali della Scuola Normale Superiore di Pisa-Classe di Scienze},
	volume={2},
	number={2},
	pages={395--431},
	year={2003}
}

@article{santambrogio2015optimal,
	title={Optimal transport for applied mathematicians},
	author={Santambrogio, F.},
	journal={Birk{\"a}user, NY},
	volume={55},
	number={58-63},
	pages={94},
	year={2015},
	publisher={Springer}
}