
@MISC {stackoverflow1,
    TITLE = {How to show that the set of all Lipschitz functions on a compact set X is dense in C(X)?},
    AUTHOR = {user125646 (https://math.stackexchange.com/users/125646/user125646)},
    HOWPUBLISHED = {Mathematics Stack Exchange},
    NOTE = {URL:https://math.stackexchange.com/q/665686 (version: 2014-02-07)},
    EPRINT = {https://math.stackexchange.com/q/665686},
    URL = {https://math.stackexchange.com/q/665686}
}

@book{garling2018analysis,
  title={Analysis on Polish spaces and an introduction to optimal transportation},
  author={Garling, David JH},
  volume={89},
  year={2018},
  publisher={Cambridge University Press}
}

@article{flamary_optimal_2019,
	title = {Optimal Transport for Machine Learning},
	language = {en},
	author = {Flamary, RÃ©mi},
  journal={},
	month = nov,
	year = {2019},
	pages = {97},
	file = {Flamary - Optimal Transport for Machine Learning.pdf:/home/davi/Zotero/storage/SC2SXQQ6/Flamary - Optimal Transport for Machine Learning.pdf:application/pdf}
}


% Perhaps first paper using OT for ML

@article{snyder2019literature,
  title={Literature review as a research methodology: An overview and guidelines},
  author={Snyder, Hannah},
  journal={Journal of Business Research},
  volume={104},
  pages={333--339},
  year={2019},
  publisher={Elsevier}
}
@article{peyre2019computational,
  title={Computational Optimal Transport: With Applications to Data Science},
  author={Peyr{\'e}, Gabriel and Cuturi, Marco and others},
  journal={Foundations and Trends{\textregistered} in Machine Learning},
  volume={11},
  number={5-6},
  pages={355--607},
  year={2019},
  publisher={Now Publishers, Inc.}
}
@article{santambrogio2015optimal,
  title={Optimal transport for applied mathematicians},
  author={Santambrogio, Filippo},
  journal={Birk{\"a}user, NY},
  volume={55},
  number={58-63},
  pages={94},
  year={2015},
  publisher={Springer}
}
@book{villani2008optimal,
  title={Optimal transport: old and new},
  author={Villani, C{\'e}dric},
  volume={338},
  year={2008},
  publisher={Springer Science \& Business Media}
}
@article{lei2019geometric,
  title={A geometric view of optimal transportation and generative model},
  author={Lei, Na and Su, Kehua and Cui, Li and Yau, Shing-Tung and Gu, Xianfeng David},
  journal={Computer Aided Geometric Design},
  volume={68},
  pages={1--21},
  year={2019},
  publisher={Elsevier}
}
@inproceedings{chizat2018global,
  title={On the global convergence of gradient descent for over-parameterized models using optimal transport},
  author={Chizat, Lenaic and Bach, Francis},
  booktitle={Advances in neural information processing systems},
  pages={3036--3046},
  year={2018}
}
@article{yang2018low,
  title={Low-dose CT image denoising using a generative adversarial network with Wasserstein distance and perceptual loss},
  author={Yang, Qingsong and Yan, Pingkun and Zhang, Yanbo and Yu, Hengyong and Shi, Yongyi and Mou, Xuanqin and Kalra, Mannudeep K and Zhang, Yi and Sun, Ling and Wang, Ge},
  journal={IEEE transactions on medical imaging},
  volume={37},
  number={6},
  pages={1348--1357},
  year={2018},
  publisher={IEEE}
}
}

@book{mohri2018foundations,
  title={Foundations of machine learning},
  author={Mohri, Mehryar and Rostamizadeh, Afshin and Talwalkar, Ameet},
  year={2018},
  publisher={MIT press}
}

@article{harshvardhan2020comprehensive,
  title={A comprehensive survey and analysis of generative models in machine learning},
  author={Harshvardhan, GM and Gourisaria, Mahendra Kumar and Pandey, Manjusha and Rautaray, Siddharth Swarup},
  journal={Computer Science Review},
  volume={38},
  pages={100285},
  year={2020},
  publisher={Elsevier}
}

@book{shalev2014understanding,
  title={Understanding machine learning: From theory to algorithms},
  author={Shalev-Shwartz, Shai and Ben-David, Shai},
  year={2014},
  publisher={Cambridge university press}
}

@article{bengio2013representation,
  title={Representation learning: A review and new perspectives},
  author={Bengio, Yoshua and Courville, Aaron and Vincent, Pascal},
  journal={IEEE transactions on pattern analysis and machine intelligence},
  volume={35},
  number={8},
  pages={1798--1828},
  year={2013},
  publisher={IEEE}
}

@article{cuturi2013sinkhorn,
  title={Sinkhorn distances: Lightspeed computation of optimal transport},
  author={Cuturi, Marco},
  journal={Advances in neural information processing systems},
  volume={26},
  pages={2292--2300},
  year={2013}
}
% Barycenter paper
@article{agueh2011barycenters,
  title={Barycenters in the Wasserstein space},
  author={Agueh, Martial and Carlier, Guillaume},
  journal={SIAM Journal on Mathematical Analysis},
  volume={43},
  number={2},
  pages={904--924},
  year={2011},
  publisher={SIAM}
}

@inproceedings{feydy2019interpolating,
  title={Interpolating between optimal transport and MMD using Sinkhorn divergences},
  author={Feydy, Jean and S{\'e}journ{\'e}, Thibault and Vialard, Fran{\c{c}}ois-Xavier and Amari, Shun-ichi and Trouv{\'e}, Alain and Peyr{\'e}, Gabriel},
  booktitle={The 22nd International Conference on Artificial Intelligence and Statistics},
  pages={2681--2690},
  year={2019},
  organization={PMLR}
}

@inproceedings{nagarajan2017,
 author = {Nagarajan, Vaishnavh and Kolter, J. Zico},
 booktitle = {Advances in Neural Information Processing Systems},
 editor = {I. Guyon and U. V. Luxburg and S. Bengio and H. Wallach and R. Fergus and S. Vishwanathan and R. Garnett},
 pages = {5585--5595},
 publisher = {Curran Associates, Inc.},
 title = {Gradient descent GAN optimization is locally stable},
 url = {https://proceedings.neurips.cc/paper/2017/file/7e0a0209b929d097bd3e8ef30567a5c1-Paper.pdf},
 volume = {30},
 year = {2017}
}
@article{bonneel2015sliced,
  title={Sliced and radon wasserstein barycenters of measures},
  author={Bonneel, Nicolas and Rabin, Julien and Peyr{\'e}, Gabriel and Pfister, Hanspeter},
  journal={Journal of Mathematical Imaging and Vision},
  volume={51},
  number={1},
  pages={22--45},
  year={2015},
  publisher={Springer}
}

@article{vayer2018fused,
  title={Fused Gromov-Wasserstein distance for structured objects: theoretical foundations and mathematical properties},
  author={Vayer, Titouan and Chapel, Laetita and Flamary, R{\'e}mi and Tavenard, Romain and Courty, Nicolas},
  journal={arXiv preprint arXiv:1811.02834},
  year={2018}
}

% Introduced Fused Gromov-Wasserstein
@inproceedings{titouan2019optimal,
  title={Optimal transport for structured data with application on graphs},
  author={Titouan, Vayer and Courty, Nicolas and Tavenard, Romain and Flamary, R{\'e}mi},
  booktitle={International Conference on Machine Learning},
  pages={6275--6284},
  year={2019},
  organization={PMLR}
}

% Introduced Gromov-Wasserstein
@article{memoli2011spectral,
  title={A spectral notion of Gromov--Wasserstein distance and related methods},
  author={M{\'e}moli, Facundo},
  journal={Applied and Computational Harmonic Analysis},
  volume={30},
  number={3},
  pages={363--401},
  year={2011},
  publisher={Elsevier}
}


% Unsupervised Learning
%   Generative Modeling
@incollection{goodfellow2014,
title = {Generative Adversarial Nets},
author = {Goodfellow, Ian and Pouget-Abadie, Jean and Mirza, Mehdi and Xu, Bing and Warde-Farley, David and Ozair, Sherjil and Courville, Aaron and Bengio, Yoshua},
booktitle = {Advances in Neural Information Processing Systems 27},
editor = {Z. Ghahramani and M. Welling and C. Cortes and N. D. Lawrence and K. Q. Weinberger},
pages = {2672--2680},
year = {2014},
publisher = {Curran Associates, Inc.},
url = {http://papers.nips.cc/paper/5423-generative-adversarial-nets.pdf}
}
@article{arjovsky2017wasserstein,
  title={Wasserstein gan},
  author={Arjovsky, Martin and Chintala, Soumith and Bottou, L{\'e}on},
  journal={arXiv preprint arXiv:1701.07875},
  year={2017}
}
@article{gulrajani2017improved,
  title={Improved training of wasserstein gans},
  author={Gulrajani, Ishaan and Ahmed, Faruk and Arjovsky, Martin and Dumoulin, Vincent and Courville, Aaron},
  journal={arXiv preprint arXiv:1704.00028},
  year={2017}
}
@article{berthelot2017began,
  title={Began: Boundary equilibrium generative adversarial networks},
  author={Berthelot, David and Schumm, Thomas and Metz, Luke},
  journal={arXiv preprint arXiv:1703.10717},
  year={2017}
}
@inproceedings{genevay2018learning,
  title={Learning generative models with sinkhorn divergences},
  author={Genevay, Aude and Peyr{\'e}, Gabriel and Cuturi, Marco},
  booktitle={International Conference on Artificial Intelligence and Statistics},
  pages={1608--1617},
  year={2018},
  organization={PMLR}
}
@article{bousquet2017optimal,
  title={From optimal transport to generative modeling: the VEGAN cookbook},
  author={Bousquet, Olivier and Gelly, Sylvain and Tolstikhin, Ilya and Simon-Gabriel, Carl-Johann and Schoelkopf, Bernhard},
  journal={arXiv preprint arXiv:1705.07642},
  year={2017}
}
@inproceedings{saito2017temporal,
  title={Temporal generative adversarial nets with singular value clipping},
  author={Saito, Masaki and Matsumoto, Eiichi and Saito, Shunta},
  booktitle={Proceedings of the IEEE international conference on computer vision},
  pages={2830--2839},
  year={2017}
}

@article{cao2019multi,
  title={Multi-marginal wasserstein gan},
  author={Cao, Jiezhang and Mo, Langyuan and Zhang, Yifan and Jia, Kui and Shen, Chunhua and Tan, Mingkui},
  journal={arXiv preprint arXiv:1911.00888},
  year={2019}
}


@inproceedings{montavon2016boltzmann,
 author = {Montavon, Gr\'{e}goire and M\"{u}ller, Klaus-Robert and Cuturi, Marco},
 booktitle = {Advances in Neural Information Processing Systems},
 editor = {D. Lee and M. Sugiyama and U. Luxburg and I. Guyon and R. Garnett},
 pages = {3718--3726},
 publisher = {Curran Associates, Inc.},
 title = {Wasserstein Training of Restricted Boltzmann Machines},
 url = {https://proceedings.neurips.cc/paper/2016/file/728f206c2a01bf572b5940d7d9a8fa4c-Paper.pdf},
 volume = {29},
 year = {2016}
}
@article{salimans2018improving,
  title={Improving GANs using optimal transport},
  author={Salimans, Tim and Zhang, Han and Radford, Alec and Metaxas, Dimitris},
  journal={arXiv preprint arXiv:1803.05573},
  year={2018}
}
@inproceedings{deshpande2018generative,
  title={Generative modeling using the sliced wasserstein distance},
  author={Deshpande, Ishan and Zhang, Ziyu and Schwing, Alexander G},
  booktitle={Proceedings of the IEEE conference on computer vision and pattern recognition},
  pages={3483--3491},
  year={2018}
}
@inproceedings{wu2019sliced,
  title={Sliced wasserstein generative models},
  author={Wu, Jiqing and Huang, Zhiwu and Acharya, Dinesh and Li, Wen and Thoma, Janine and Paudel, Danda Pani and Gool, Luc Van},
  booktitle={Proceedings of the IEEE/CVF Conference on Computer Vision and Pattern Recognition},
  pages={3713--3722},
  year={2019}
}

@article{kolouri2018sliced,
  title={Sliced-wasserstein autoencoder: An embarrassingly simple generative model},
  author={Kolouri, Soheil and Pope, Phillip E and Martin, Charles E and Rohde, Gustavo K},
  journal={arXiv preprint arXiv:1804.01947},
  year={2018}
}


@article{sanjabi2018convergence,
  title={On the convergence and robustness of training gans with regularized optimal transport},
  author={Sanjabi, Maziar and Ba, Jimmy and Razaviyayn, Meisam and Lee, Jason D},
  journal={arXiv preprint arXiv:1802.08249},
  year={2018}
}



@inproceedings{bunne2019learning,
  title={Learning generative models across incomparable spaces},
  author={Bunne, Charlotte and Alvarez-Melis, David and Krause, Andreas and Jegelka, Stefanie},
  booktitle={International Conference on Machine Learning},
  pages={851--861},
  year={2019},
  organization={PMLR}
}

@article{tolstikhin2017wasserstein,
  title={Wasserstein auto-encoders},
  author={Tolstikhin, Ilya and Bousquet, Olivier and Gelly, Sylvain and Schoelkopf, Bernhard},
  journal={arXiv preprint arXiv:1711.01558},
  year={2017}
}

@article{chen2018adversarial,
  title={Adversarial text generation via feature-mover's distance},
  author={Chen, Liqun and Dai, Shuyang and Tao, Chenyang and Shen, Dinghan and Gan, Zhe and Zhang, Haichao and Zhang, Yizhe and Carin, Lawrence},
  journal={arXiv preprint arXiv:1809.06297},
  year={2018}
}

@inproceedings{xie2020fast,
  title={A fast proximal point method for computing exact wasserstein distance},
  author={Xie, Yujia and Wang, Xiangfeng and Wang, Ruijia and Zha, Hongyuan},
  booktitle={Uncertainty in Artificial Intelligence},
  pages={433--453},
  year={2020},
  organization={PMLR}
}

@inproceedings{liutkus2019sliced,
  title={Sliced-Wasserstein flows: Nonparametric generative modeling via optimal transport and diffusions},
  author={Liutkus, Antoine and Simsekli, Umut and Majewski, Szymon and Durmus, Alain and St{\"o}ter, Fabian-Robert},
  booktitle={International Conference on Machine Learning},
  pages={4104--4113},
  year={2019},
  organization={PMLR}
}



@article{guo2017relaxed,
  title={Relaxed Wasserstein with applications to GANs},
  author={Guo, Xin and Hong, Johnny and Lin, Tianyi and Yang, Nan},
  journal={arXiv preprint arXiv:1705.07164},
  year={2017}
}


% Variation of WAE for discrete setting
@inproceedings{zhao2018adversarially,
  title={Adversarially regularized autoencoders},
  author={Zhao, Junbo and Kim, Yoon and Zhang, Kelly and Rush, Alexander and LeCun, Yann},
  booktitle={International conference on machine learning},
  pages={5902--5911},
  year={2018},
  organization={PMLR}
}


% Points bias in GAN


% Main paper VAE
@article{kingma2013auto,
  title={Auto-encoding variational bayes},
  author={Kingma, Diederik P and Welling, Max},
  journal={arXiv preprint arXiv:1312.6114},
  year={2013}
}

%   Representation Learning - Clustering, Dim. Reduction ...
@inproceedings{rolet2016fast,
  title={Fast dictionary learning with a smoothed Wasserstein loss},
  author={Rolet, Antoine and Cuturi, Marco and Peyr{\'e}, Gabriel},
  booktitle={Artificial Intelligence and Statistics},
  pages={630--638},
  year={2016},
  organization={PMLR}
}

@inproceedings{sandler2009nonnegative,
  title={Nonnegative matrix factorization with earth mover's distance metric},
  author={Sandler, Roman and Lindenbaum, Michael},
  booktitle={2009 IEEE Conference on Computer Vision and Pattern Recognition},
  pages={1873--1880},
  year={2009},
  organization={IEEE}
}

@article{schmitz2018wasserstein,
  title={Wasserstein dictionary learning: Optimal transport-based unsupervised nonlinear dictionary learning},
  author={Schmitz, Morgan A and Heitz, Matthieu and Bonneel, Nicolas and Ngole, Fred and Coeurjolly, David and Cuturi, Marco and Peyr{\'e}, Gabriel and Starck, Jean-Luc},
  journal={SIAM Journal on Imaging Sciences},
  volume={11},
  number={1},
  pages={643--678},
  year={2018},
  publisher={SIAM}
}

@article{asano2019self,
  title={Self-labelling via simultaneous clustering and representation learning},
  author={Asano, Yuki Markus and Rupprecht, Christian and Vedaldi, Andrea},
  journal={arXiv preprint arXiv:1911.05371},
  year={2019}
}
@inproceedings{laclau2017co,
  title={Co-clustering through optimal transport},
  author={Laclau, Charlotte and Redko, Ievgen and Matei, Basarab and Bennani, Younes and Brault, Vincent},
  booktitle={International Conference on Machine Learning},
  pages={1955--1964},
  year={2017},
  organization={PMLR}
}
@inproceedings{cuturi2014fast,
  title={Fast computation of Wasserstein barycenters},
  author={Cuturi, Marco and Doucet, Arnaud},
  booktitle={International conference on machine learning},
  pages={685--693},
  year={2014},
  organization={PMLR}
}

@inproceedings{seguy2015pga,
 author = {Seguy, Vivien and Cuturi, Marco},
 booktitle = {Advances in Neural Information Processing Systems},
 editor = {C. Cortes and N. Lawrence and D. Lee and M. Sugiyama and R. Garnett},
 pages = {},
 publisher = {Curran Associates, Inc.},
 title = {Principal Geodesic Analysis for Probability Measures under the Optimal Transport Metric},
 url = {https://proceedings.neurips.cc/paper/2015/file/f26dab9bf6a137c3b6782e562794c2f2-Paper.pdf},
 volume = {28},
 year = {2015}
}


@inproceedings{kusner2015word,
  title={From word embeddings to document distances},
  author={Kusner, Matt and Sun, Yu and Kolkin, Nicholas and Weinberger, Kilian},
  booktitle={International conference on machine learning},
  pages={957--966},
  year={2015},
  organization={PMLR}
}

@InProceedings{patrini2020a,
  title = 	 {Sinkhorn AutoEncoders},
  author =       {Patrini, Giorgio and {van den Berg}, Rianne and Forr{\'{e}}, Patrick and Carioni, Marcello and Bhargav, Samarth and Welling, Max and Genewein, Tim and Nielsen, Frank},
  booktitle = 	 {Proceedings of The 35th Uncertainty in Artificial Intelligence Conference},
  pages = 	 {733--743},
  year = 	 {2020},
  editor = 	 {Ryan P. Adams and Vibhav Gogate},
  volume = 	 {115},
  series = 	 {Proceedings of Machine Learning Research},
  address = 	 {Tel Aviv, Israel},
  month = 	 {22--25 Jul},
  publisher =    {PMLR},
  pdf = 	 {http://proceedings.mlr.press/v115/patrini20a/patrini20a.pdf},
  url = 	 {http://proceedings.mlr.press/v115/patrini20a.html}
}

@article{zhang2020wasserstein,
  title={Wasserstein autoencoders for collaborative filtering},
  author={Zhang, Xiaofeng and Zhong, Jingbin and Liu, Kai},
  journal={Neural Computing and Applications},
  pages={1--10},
  year={2020},
  publisher={Springer}
}

% Supervised Learning
@article{frogner2015learning,
  title={Learning with a Wasserstein loss},
  author={Frogner, Charlie and Zhang, Chiyuan and Mobahi, Hossein and Araya-Polo, Mauricio and Poggio, Tomaso},
  journal={arXiv preprint arXiv:1506.05439},
  year={2015}
}

@inproceedings{gao2016sup,
 author = {Huang, Gao and Guo, Chuan and Kusner, Matt J and Sun, Yu and Sha, Fei and Weinberger, Kilian Q},
 booktitle = {Advances in Neural Information Processing Systems},
 editor = {D. Lee and M. Sugiyama and U. Luxburg and I. Guyon and R. Garnett},
 pages = {},
 publisher = {Curran Associates, Inc.},
 title = {Supervised Word Mover\textquotesingle s Distance},
 url = {https://proceedings.neurips.cc/paper/2016/file/10c66082c124f8afe3df4886f5e516e0-Paper.pdf},
 volume = {29},
 year = {2016}
}

% Supervised Learning
%% Classification and Regression

@article{flamary2018wasserstein,
  title={Wasserstein discriminant analysis},
  author={Flamary, R{\'e}mi and Cuturi, Marco and Courty, Nicolas and Rakotomamonjy, Alain},
  journal={Machine Learning},
  volume={107},
  number={12},
  pages={1923--1945},
  year={2018},
  publisher={Springer}
}

@article{dognin2019wasserstein,
  title={Wasserstein barycenter model ensembling},
  author={Dognin, Pierre and Melnyk, Igor and Mroueh, Youssef and Ross, Jerret and Santos, Cicero Dos and Sercu, Tom},
  journal={arXiv preprint arXiv:1902.04999},
  year={2019}
}


 @InProceedings{janati2019a,
 title = {Wasserstein regularization for sparse multi-task regression},
 author = {Janati, Hicham and Cuturi, Marco and Gramfort, Alexandre},
 booktitle = {Proceedings of Machine Learning Research},
 pages = {1407--1416},
 year = {2019},
 editor = {Kamalika Chaudhuri and Masashi Sugiyama},
 volume = {89},
 series = {Proceedings of Machine Learning Research},
 address = {},
 month = {16--18 Apr},
 publisher = {PMLR},
 pdf = {http://proceedings.mlr.press/v89/janati19a/janati19a.pdf},
 url = {http://proceedings.mlr.press/v89/janati19a.html}
 } 

@article{luise2018differential,
  title={Differential properties of sinkhorn approximation for learning with wasserstein distance},
  author={Luise, Giulia and Rudi, Alessandro and Pontil, Massimiliano and Ciliberto, Carlo},
  journal={arXiv preprint arXiv:1805.11897},
  year={2018}
}
@article{becigneul2020optimal,
  title={Optimal transport graph neural networks},
  author={B{\'e}cigneul, Gary and Ganea, Octavian-Eugen and Chen, Benson and Barzilay, Regina and Jaakkola, Tommi},
  journal={arXiv preprint arXiv:2006.04804},
  year={2020}
}
@article{manchanda2020regression,
  title={Regression via implicit models and optimal transport cost minimization},
  author={Manchanda, Saurav and Doan, Khoa and Yadav, Pranjul and Keerthi, S Sathiya},
  journal={arXiv preprint arXiv:2003.01296},
  year={2020}
}

@article{bonneel2016wasserstein,
  title={Wasserstein barycentric coordinates: histogram regression using optimal transport.},
  author={Bonneel, Nicolas and Peyr{\'e}, Gabriel and Cuturi, Marco},
  journal={ACM Trans. Graph.},
  volume={35},
  number={4},
  pages={71--1},
  year={2016}
}

@inproceedings{kraus2019personalized,
  title={Personalized purchase prediction of market baskets with Wasserstein-based sequence matching},
  author={Kraus, Mathias and Feuerriegel, Stefan},
  booktitle={Proceedings of the 25th ACM SIGKDD International Conference on Knowledge Discovery \& Data Mining},
  pages={2643--2652},
  year={2019}
}

@inproceedings{cuturi19raking,
 author = {Cuturi, Marco and Teboul, Olivier and Vert, Jean-Philippe},
 booktitle = {Advances in Neural Information Processing Systems},
 editor = {H. Wallach and H. Larochelle and A. Beygelzimer and F. d\textquotesingle Alch\'{e}-Buc and E. Fox and R. Garnett},
 pages = {},
 publisher = {Curran Associates, Inc.},
 title = {Differentiable Ranking and Sorting using Optimal Transport},
 url = {https://proceedings.neurips.cc/paper/2019/file/d8c24ca8f23c562a5600876ca2a550ce-Paper.pdf},
 volume = {32},
 year = {2019}
}

@inproceedings{xie20topk,
 author = {Xie, Yujia and Dai, Hanjun and Chen, Minshuo and Dai, Bo and Zhao, Tuo and Zha, Hongyuan and Wei, Wei and Pfister, Tomas},
 booktitle = {Advances in Neural Information Processing Systems},
 editor = {H. Larochelle and M. Ranzato and R. Hadsell and M. F. Balcan and H. Lin},
 pages = {20520--20531},
 publisher = {Curran Associates, Inc.},
 title = {Differentiable Top-k with Optimal Transport},
 url = {https://proceedings.neurips.cc/paper/2020/file/ec24a54d62ce57ba93a531b460fa8d18-Paper.pdf},
 volume = {33},
 year = {2020}
}
@inproceedings{yu2019wassrank,
  title={Wassrank: Listwise document ranking using optimal transport theory},
  author={Yu, Hai-Tao and Jatowt, Adam and Joho, Hideo and Jose, Joemon M and Yang, Xiao and Chen, Long},
  booktitle={Proceedings of the Twelfth ACM International Conference on Web Search and Data Mining},
  pages={24--32},
  year={2019}
}
@inproceedings{ma2020probabilistic,
  title={Probabilistic Metric Learning with Adaptive Margin for Top-K Recommendation},
  author={Ma, Chen and Ma, Liheng and Zhang, Yingxue and Tang, Ruiming and Liu, Xue and Coates, Mark},
  booktitle={Proceedings of the 26th ACM SIGKDD International Conference on Knowledge Discovery \& Data Mining},
  pages={1036--1044},
  year={2020}
}

@inproceedings{abadeh15dist,
 author = {Shafieezadeh Abadeh, Soroosh and Mohajerin Esfahani, Peyman Mohajerin and Kuhn, Daniel},
 booktitle = {Advances in Neural Information Processing Systems},
 editor = {C. Cortes and N. Lawrence and D. Lee and M. Sugiyama and R. Garnett},
 pages = {},
 publisher = {Curran Associates, Inc.},
 title = {Distributionally Robust Logistic Regression},
 url = {https://proceedings.neurips.cc/paper/2015/file/cc1aa436277138f61cda703991069eaf-Paper.pdf},
 volume = {28},
 year = {2015}
}
@article{abadeh18reg,
  author  = {Soroosh Shafieezadeh-Abadeh and Daniel Kuhn and Peyman Mohajerin Esfahani},
  title   = {Regularization via Mass Transportation},
  journal = {Journal of Machine Learning Research},
  year    = {2019},
  volume  = {20},
  number  = {103},
  pages   = {1-68},
  url     = {http://jmlr.org/papers/v20/17-633.html}
}

@article{risser2019tackling,
  title={Tackling Algorithmic Bias in Neural-Network Classifiers using Wasserstein-2 Regularization},
  author={Risser, Laurent and Vincenot, Quentin and Loubes, Jean-Michel},
  journal={arXiv e-prints},
  pages={arXiv--1908},
  year={2019}
}

@inproceedings{jiang2020wasserstein,
  title={Wasserstein fair classification},
  author={Jiang, Ray and Pacchiano, Aldo and Stepleton, Tom and Jiang, Heinrich and Chiappa, Silvia},
  booktitle={Uncertainty in Artificial Intelligence},
  pages={862--872},
  year={2020},
  organization={PMLR}
}




% Transfer Learning
%% OT + Transfer Learning
@inproceedings{solomon2014wasserstein,
  title={Wasserstein propagation for semi-supervised learning},
  author={Solomon, Justin and Rustamov, Raif and Guibas, Leonidas and Butscher, Adrian},
  booktitle={International Conference on Machine Learning},
  pages={306--314},
  year={2014},
  organization={PMLR}
}


@inproceedings{shen2018wasserstein,
  title={Wasserstein distance guided representation learning for domain adaptation},
  author={Shen, Jian and Qu, Yanru and Zhang, Weinan and Yu, Yong},
  booktitle={Proceedings of the AAAI Conference on Artificial Intelligence},
  volume={32},
  number={1},
  year={2018}
}


@inproceedings{courty2014domain,
  title={Domain adaptation with regularized optimal transport},
  author={Courty, Nicolas and Flamary, R{\'e}mi and Tuia, Devis},
  booktitle={Joint European Conference on Machine Learning and Knowledge Discovery in Databases},
  pages={274--289},
  year={2014},
  organization={Springer}
}

@inproceedings{rousselle2015optimal,
  title={Optimal transport for semi-supervised domain adaptation},
  author={Rousselle, Denis and Canu, St{\'e}phane},
  booktitle={Proceedings},
  pages={373},
  year={2015},
  organization={Presses universitaires de Louvain}
}


@article{courty2016optimal,
  title={Optimal transport for domain adaptation},
  author={Courty, Nicolas and Flamary, R{\'e}mi and Tuia, Devis and Rakotomamonjy, Alain},
  journal={IEEE transactions on pattern analysis and machine intelligence},
  volume={39},
  number={9},
  pages={1853--1865},
  year={2016},
  publisher={IEEE}
}

@inproceedings{perrot2016mapping,
  title={Mapping estimation for discrete optimal transport},
  author={Perrot, Micha{\"e}l and Courty, Nicolas and Flamary, R{\'e}mi and Habrard, Amaury},
  booktitle={Proceedings of the 30th International Conference on Neural Information Processing Systems},
  pages={4204--4212},
  year={2016}
}

@inproceedings{courty17jdot,
 author = {Courty, Nicolas and Flamary, R\'{e}mi and Habrard, Amaury and Rakotomamonjy, Alain},
 booktitle = {Advances in Neural Information Processing Systems},
 editor = {I. Guyon and U. V. Luxburg and S. Bengio and H. Wallach and R. Fergus and S. Vishwanathan and R. Garnett},
 pages = {},
 publisher = {Curran Associates, Inc.},
 title = {Joint distribution optimal transportation for domain adaptation},
 url = {https://proceedings.neurips.cc/paper/2017/file/0070d23b06b1486a538c0eaa45dd167a-Paper.pdf},
 volume = {30},
 year = {2017}
}

@inproceedings{damodaran2018deepjdot,
  title={Deepjdot: Deep joint distribution optimal transport for unsupervised domain adaptation},
  author={Damodaran, Bharath Bhushan and Kellenberger, Benjamin and Flamary, R{\'e}mi and Tuia, Devis and Courty, Nicolas},
  booktitle={Proceedings of the European Conference on Computer Vision (ECCV)},
  pages={447--463},
  year={2018}
}


@inproceedings{lee2019sliced,
  title={Sliced wasserstein discrepancy for unsupervised domain adaptation},
  author={Lee, Chen-Yu and Batra, Tanmay and Baig, Mohammad Haris and Ulbricht, Daniel},
  booktitle={Proceedings of the IEEE/CVF Conference on Computer Vision and Pattern Recognition},
  pages={10285--10295},
  year={2019}
}

@inproceedings{redko2019optimal,
  title={Optimal transport for multi-source domain adaptation under target shift},
  author={Redko, Ievgen and Courty, Nicolas and Flamary, R{\'e}mi and Tuia, Devis},
  booktitle={The 22nd International Conference on Artificial Intelligence and Statistics},
  pages={849--858},
  year={2019},
  organization={PMLR}
}

@inproceedings{yan2018semi,
  title={Semi-Supervised Optimal Transport for Heterogeneous Domain Adaptation.},
  author={Yan, Yuguang and Li, Wen and Wu, Hanrui and Min, Huaqing and Tan, Mingkui and Wu, Qingyao},
  booktitle={IJCAI},
  volume={7},
  pages={2969--2975},
  year={2018}
}

@article{alvarez2020geometric,
  title={Geometric dataset distances via optimal transport},
  author={Alvarez-Melis, David and Fusi, Nicol{\`o}},
  journal={arXiv preprint arXiv:2002.02923},
  year={2020}
}

@inproceedings{sidakfusion20,
 author = {Singh, Sidak Pal and Jaggi, Martin},
 booktitle = {Advances in Neural Information Processing Systems},
 editor = {H. Larochelle and M. Ranzato and R. Hadsell and M. F. Balcan and H. Lin},
 pages = {22045--22055},
 publisher = {Curran Associates, Inc.},
 title = {Model Fusion via Optimal Transport},
 url = {https://proceedings.neurips.cc/paper/2020/file/fb2697869f56484404c8ceee2985b01d-Paper.pdf},
 volume = {33},
 year = {2020}
}

@inproceedings{gautheron2018feature,
  title={Feature selection for unsupervised domain adaptation using optimal transport},
  author={Gautheron, L{\'e}o and Redko, Ievgen and Lartizien, Carole},
  booktitle={Joint European Conference on Machine Learning and Knowledge Discovery in Databases},
  pages={759--776},
  year={2018},
  organization={Springer}
}
@inproceedings{grave2019unsupervised,
  title={Unsupervised alignment of embeddings with wasserstein procrustes},
  author={Grave, Edouard and Joulin, Armand and Berthet, Quentin},
  booktitle={The 22nd International Conference on Artificial Intelligence and Statistics},
  pages={1880--1890},
  year={2019},
  organization={PMLR}
}

@article{alvarez2018gromov,
  title={Gromov-Wasserstein alignment of word embedding spaces},
  author={Alvarez-Melis, David and Jaakkola, Tommi S},
  journal={arXiv preprint arXiv:1809.00013},
  year={2018}
}


@article{turrisi2020multi,
  title={Multi-source Domain Adaptation via Weighted Joint Distributions Optimal Transport},
  author={Turrisi, Rosanna and Flamary, R{\'e}mi and Rakotomamonjy, Alain and Pontil, Massimiliano},
  journal={arXiv preprint arXiv:2006.12938},
  year={2020}
}


@article{li2020representation,
  title={Representation Transfer by Optimal Transport},
  author={Li, Xuhong and Grandvalet, Yves and Flamary, R{\'e}mi and Courty, Nicolas and Dou, Dejing},
  journal={arXiv preprint arXiv:2007.06737},
  year={2020}
}



%%%%%%%%%%%%%%%%%%%% Theory and Methods of Transfer Learning

@inproceedings{saito2018maximum,
  title={Maximum classifier discrepancy for unsupervised domain adaptation},
  author={Saito, Kuniaki and Watanabe, Kohei and Ushiku, Yoshitaka and Harada, Tatsuya},
  booktitle={Proceedings of the IEEE conference on computer vision and pattern recognition},
  pages={3723--3732},
  year={2018}
}
@article{pan2009survey,
  title={A survey on transfer learning},
  author={Pan, Sinno Jialin and Yang, Qiang},
  journal={IEEE Transactions on knowledge and data engineering},
  volume={22},
  number={10},
  pages={1345--1359},
  year={2009},
  publisher={IEEE}
}

@article{redko2020survey,
  title={A survey on domain adaptation theory},
  author={Redko, Ievgen and Morvant, Emilie and Habrard, Amaury and Sebban, Marc and Bennani, Youn{\`e}s},
  journal={arXiv preprint arXiv:2004.11829},
  year={2020}
}

@article{zhuang2020comprehensive,
  title={A comprehensive survey on transfer learning},
  author={Zhuang, Fuzhen and Qi, Zhiyuan and Duan, Keyu and Xi, Dongbo and Zhu, Yongchun and Zhu, Hengshu and Xiong, Hui and He, Qing},
  journal={Proceedings of the IEEE},
  year={2020},
  publisher={IEEE}
}

@article{kouw2018introduction,
  title={An introduction to domain adaptation and transfer learning},
  author={Kouw, Wouter M and Loog, Marco},
  journal={arXiv preprint arXiv:1812.11806},
  year={2018}
}

@article{tripuraneni2020theory,
  title={On the Theory of Transfer Learning: The Importance of Task Diversity},
  author={Tripuraneni, Nilesh and Jordan, Michael I and Jin, Chi},
  journal={arXiv preprint arXiv:2006.11650},
  year={2020}
}

@article{williams2020limits,
  title={Limits of Transfer Learning},
  author={Williams, Jake and Tadesse, Abel and Sam, Tyler and Sun, Huey and Montanez, George D},
  journal={arXiv preprint arXiv:2006.12694},
  year={2020}
}



% Adversarial Robustness

@article{sinha2017certifying,
  title={Certifying some distributional robustness with principled adversarial training},
  author={Sinha, Aman and Namkoong, Hongseok and Volpi, Riccardo and Duchi, John},
  journal={arXiv preprint arXiv:1710.10571},
  year={2017}
}

@inproceedings{wong2019wasserstein,
  title={Wasserstein adversarial examples via projected sinkhorn iterations},
  author={Wong, Eric and Schmidt, Frank and Kolter, Zico},
  booktitle={International Conference on Machine Learning},
  pages={6808--6817},
  year={2019},
  organization={PMLR}
}

@inproceedings{wu2020stronger,
  title={Stronger and faster Wasserstein adversarial attacks},
  author={Wu, Kaiwen and Wang, Allen and Yu, Yaoliang},
  booktitle={International Conference on Machine Learning},
  pages={10377--10387},
  year={2020},
  organization={PMLR}
}
  
% EXTRA 
@inproceedings{sun2016deep,
  title={Deep coral: Correlation alignment for deep domain adaptation},
  author={Sun, Baochen and Saenko, Kate},
  booktitle={European conference on computer vision},
  pages={443--450},
  year={2016},
  organization={Springer}
}
