@article{peyre2019computational,
  title = {Computational Optimal Transport: With Applications to Data Science},
  author = {Peyr{\'e}, Gabriel and Cuturi, Marco and others},
  journal = {Foundations and Trends{\textregistered} in Machine Learning},
  volume = {11},
  number = {5-6},
  pages = {355--607},
  year = {2019},
  publisher = {Now Publishers, Inc.},
}
@article{santambrogio2015optimal,
  title = {Optimal transport for applied mathematicians},
  author = {Santambrogio, Filippo},
  journal = {Birk{\"a}user, NY},
  volume = {55},
  number = {58-63},
  pages = {94},
  year = {2015},
  publisher = {Springer},
}

@phdthesis{sales2021optimal,
  title = {Optimal Transport for Machine Learning: Theory and Applications},
  author = {Sales Barreira, Davi},
  year = {2021},
}

@inproceedings{damodaran2018deepjdot,
  title = {Deepjdot: Deep joint distribution optimal transport for unsupervised
           domain adaptation},
  author = {Damodaran, Bharath Bhushan and Kellenberger, Benjamin and Flamary, R
            {\'e}mi and Tuia, Devis and Courty, Nicolas},
  booktitle = {Proceedings of the European Conference on Computer Vision (ECCV)},
  pages = {447--463},
  year = {2018},
}

@article{arjovsky2017wasserstein,
  title = {Wasserstein gan},
  author = {Arjovsky, Martin and Chintala, Soumith and Bottou, L{\'e}on},
  journal = {arXiv preprint arXiv:1701.07875},
  year = {2017},
}
@article{gulrajani2017improved,
  title = {Improved training of wasserstein gans},
  author = {Gulrajani, Ishaan and Ahmed, Faruk and Arjovsky, Martin and Dumoulin
            , Vincent and Courville, Aaron},
  journal = {arXiv preprint arXiv:1704.00028},
  year = {2017},
}

@incollection{goodfellow2014,
  title = {Generative Adversarial Nets},
  author = {Goodfellow, Ian and Pouget-Abadie, Jean and Mirza, Mehdi and Xu,
            Bing and Warde-Farley, David and Ozair, Sherjil and Courville, Aaron
            and Bengio, Yoshua},
  booktitle = {Advances in Neural Information Processing Systems 27},
  editor = {Z. Ghahramani and M. Welling and C. Cortes and N. D. Lawrence and K.
            Q. Weinberger},
  pages = {2672--2680},
  year = {2014},
  publisher = {Curran Associates, Inc.},
  url = {http://papers.nips.cc/paper/5423-generative-adversarial-nets.pdf},
}

@article{karras2018,
  title = {A Style-Based Generator Architecture for Generative Adversarial
           Networks},
  author = {Tero Karras and Samuli Laine and Timo Aila},
  journal = {2019 IEEE/CVF Conference on Computer Vision and Pattern Recognition
             (CVPR)},
  year = {2018},
  pages = {4396-4405},
}
 
@inproceedings{genevay2018learning,
  title = {Learning generative models with sinkhorn divergences},
  author = {Genevay, Aude and Peyr{\'e}, Gabriel and Cuturi, Marco},
  booktitle = {International Conference on Artificial Intelligence and
               Statistics},
  pages = {1608--1617},
  year = {2018},
  organization = {PMLR},
}
@inproceedings{deshpande2018generative,
  title = {Generative modeling using the sliced wasserstein distance},
  author = {Deshpande, Ishan and Zhang, Ziyu and Schwing, Alexander G},
  booktitle = {Proceedings of the IEEE conference on computer vision and pattern
               recognition},
  pages = {3483--3491},
  year = {2018},
}

% Supervised Learning
@article{frogner2015learning,
  title = {Learning with a Wasserstein loss},
  author = {Frogner, Charlie and Zhang, Chiyuan and Mobahi, Hossein and
            Araya-Polo, Mauricio and Poggio, Tomaso},
  journal = {arXiv preprint arXiv:1506.05439},
  year = {2015},
}
